<?xml version="1.0" encoding="UTF-8"?><record xmlns="http://www.loc.gov/MARC21/slim" xmlns:cinclude="http://apache.org/cocoon/include/1.0" xmlns:zs="http://www.loc.gov/zing/srw/">
  <leader>00403nz  a2200145n  4500</leader>
  <controlfield tag="001">no2007046086</controlfield>
  <controlfield tag="003">DLC</controlfield>
  <controlfield tag="005">20070427075206.0</controlfield>
  <controlfield tag="008">070424n| acannaabn          |n aaa     c</controlfield>
  <datafield tag="010" ind1=" " ind2=" ">
    <subfield code="a">no2007046086</subfield>
  </datafield>
  <datafield tag="035" ind1=" " ind2=" ">
    <subfield code="a">(OCoLC)oca07393032</subfield>
  </datafield>
  <datafield tag="040" ind1=" " ind2=" ">
    <subfield code="a">MnMN</subfield>
    <subfield code="b">eng</subfield>
    <subfield code="c">MnMN</subfield>
  </datafield>
  <datafield tag="053" ind1=" " ind2="0">
    <subfield code="a">PS3613.O787</subfield>
  </datafield>
  <datafield tag="100" ind1="1" ind2=" ">
    <subfield code="a">Mossman, James F.</subfield>
  </datafield>
  <datafield tag="670" ind1=" " ind2=" ">
    <subfield code="a">His From drying lakes, c2005:</subfield>
    <subfield code="b">t.p. (James F. Mossman) p. 334 (b. Glenwood, MN)</subfield>
  </datafield>
</record>